@incollection{Maurer:1996,
  year={1996},
  isbn={978-3-540-61770-9},
  booktitle={Computer Security — ESORICS 96},
  volume={1146},
  series={Lecture Notes in Computer Science},
  editor={Bertino, Elisa and Kurth, Helmut and Martella, Giancarlo and Montolivo, Emilio},
  doi={10.1007/3-540-61770-1_45},
  title={Modelling a public-key infrastructure},
  url={http://dx.doi.org/10.1007/3-540-61770-1_45},
  publisher={Springer Berlin Heidelberg},
  keywords={Distributed system security; key management; public-key certification; cryptography; trust; recommendations; probabilistic logic},
  author={Maurer, Ueli},
  pages={325-350}
}
@article{Wang:2000,
 author = {Guilin Wang and Sihan Quing},
 title = {Two new attacks against Otway Rees Protocol},
 journal = {IFIP/SEC2000, Information Security},
 month = aug,
 year = {2000},
 pages = {137--139},
 numpages = {3},
 url = {http://www.uow.edu.au/~guilin/papers/SEC00-137-fl.pdf},
 publisher = {International Academic Publishers},
 address = {Beijing},
}
@article{Needham:1978,
 author = {Needham, Roger M. and Schroeder, Michael D.},
 title = {Using Encryption for Authentication in Large Networks of Computers},
 journal = {Commun. ACM},
 issue_date = {Dec. 1978},
 volume = {21},
 number = {12},
 month = dec,
 year = {1978},
 issn = {0001-0782},
 pages = {993--999},
 numpages = {7},
 url = {http://doi.acm.org/10.1145/359657.359659},
 doi = {10.1145/359657.359659},
 acmid = {359659},
 publisher = {ACM},
 address = {New York, NY, USA},
 keywords = {authentication, data encryption standard, encryption, networks, protocols, public-key cryptosystems, security},
}

@ARTICLE{Burrows:1990,
    author = {Michael Burrows and Martin Abadi and Roger Needham},
    title = {A logic of authentication},
    journal = {ACM Transactions on Computer Systems},
    year = {1990},
    volume = {8},
    pages = {18--36}
}
@article{Lowe:1995,
 author = {Lowe, Gavin},
 title = {An Attack on the Needham-Schroeder Public-key Authentication Protocol},
 journal = {Inf. Process. Lett.},
 issue_date = {Nov. 10, 1995},
 volume = {56},
 number = {3},
 month = nov,
 year = {1995},
 issn = {0020-0190},
 pages = {131--133},
 numpages = {3},
 url = {http://dx.doi.org/10.1016/0020-0190(95)00144-2},
 doi = {10.1016/0020-0190(95)00144-2},
 acmid = {219895},
 publisher = {Elsevier North-Holland, Inc.},
 address = {Amsterdam, The Netherlands, The Netherlands},
 keywords = {authentication protocols, distributed systems, public-key cryptography, security in digital systems},
}
@misc{NIST:2012,
    author        = {Rebecca Blank and Patrick D. Gallagher},
    title         = {Recommendation for Key Management -- Part 1: General (Revised)},
    institution   = {National Institute of Standards and Technology},
    year          = {2012},
    note          = {Published as NIST Special Publication 800-57, \url{http://csrc.nist.gov/publications/nistpubs/800-57/sp800-57_part1_rev3_general.pdf}},
}

@ONLINE{Namecoin:2014:Online,
author = "{Namecoin wiki}",
title = {Register and configure .bit domains},
month = feb,
year = {2014},
url = {https://wiki.namecoin.info/index.php?title=Register_and_Configure_.bit_Domains&oldid=36}
}

@ONLINE{Chain:2014:Online,
author = "{Chain}",
title = "{Chain - Simple, powerful Blockchain APIs}",
month = may,
year = {2014},
url = {http://chain-api.com/}
}

@ONLINE{BitcoinSource:2014:Online,
author = "{Bitcoin Project}",
title = "{bitcoind source code}",
month = may,
year = {2014},
url = {https://github.com/bitcoin/bitcoin/}
}

@ONLINE{CryptoCoinCharts:2014:Online,
author = "{CryptoCoin Charts}",
title = {NMC/USD - Namecoin / US Dollar today charts and orderbook from Kraken},
month = may,
year = {2014},
url = {http://www.cryptocoincharts.info/v2/pair/nmc/usd/kraken/today}
}

@ONLINE{Zooko:2001:Online,
author = {Zooko Wilcox-O'Hearn},
title = "{Names: Distributed, Secure, Human-Readable: Choose Two}",
month = oct,
year = {2001},
url = {http://web.archive.org/web/20011020191610/http://zooko.com/distnames.html}
}

@ONLINE{Constine:2013:Online,
author = {Josh Constine},
title = "{Dropbox Hits 200M Users, Unveils New "For Business" Client Combining Work And Personal Files}",
month = nov,
year = {2013},
url = {http://techcrunch.com/2013/11/13/dropbox-hits-200-million-users-and-announces-new-products-for-businesses/}
}

@ONLINE{BitTorent:2014:Online,
author = "{BitTorrent Inc}",
title = "{BitTorrent sync}",
month = feb,
year = {2014},
url = {http://getsync.com/}
}

@ONLINE{Retroshare:2014:Online,
author = "{RetroShare Team}",
title = "{RetroShare}",
month = feb,
year = {2014},
url ={http://retroshare.sourceforge.net/team.html}
}

@ONLINE{Sharefest:2014:Online,
author = {Peer5},
title = {Sharefest},
month = feb,
year = {2014},
url = {https://www.sharefest.me/}
}

@ONLINE{Freenet:2014:Online,
author = {Ian Clarke},
title = {Freenet},
month = feb,
year = {2014},
url = {https://freenetproject.org/}
}

@ONLINE{Tahoe:2014:Online,
author = "{Tahoe-LAFS}",
title = "{Tahoe-LAFS}",
month = feb,
year = {2014},
url = {https://tahoe-lafs.org/trac/tahoe-lafs}
}
@ONLINE{Bitmessage:2014:Online,
author = "{Bitmessage Community}",
title = {Bitmessage},
month = feb,
year = {2014},
url = {https://bitmessage.org/wiki/Main_Page}
}

@ONLINE{webrtcsignalserver,
author = "{Chris Ball}",
title = "{WebRTC without a signaling server}",
month = may,
year = {2013},
url = {http://blog.printf.net/articles/2013/05/17/webrtc-without-a-signaling-server/}
}

@ONLINE{CryptoCoinInsider:2014:Online,
author = "{Crypto Coin Insider}",
title = {Namecoin},
month = may,
year = {2014},
url = {http://www.cryptocoinsinsider.com/namecoins/}
}

@ONLINE{Coindesk:2013:Online,
author = "{David Gilson}",
title = "{What are Namecoins and .bit domains?}",
month = June,
year = {2013},
url = {http://www.coindesk.com/what-are-namecoins-and-bit-domains/}
}

@ONLINE{InternetForBeginners:2014:Online,
author = "{Paul Gil}",
title = "{What Are Bitcoins? How Do Bitcoins Work?}",
month = April,
year = {2014},
url = {http://netforbeginners.about.com/od/b/fl/What-Are-Bitcoins-How-Do-Bitcoins-Work.htm}
}

@ONLINE{Bitcoin:Online,
author = "{Bitcoin.org}",
title = "{Bitcoin – Open source P2P money}",
month = April,
year = {2014},
url = {https://bitcoin.org/en/}
}

@ONLINE{Namecoin:Online,
author = "{Namecoin.info}",
title = {Namecoin},
month = April,
year = {2014},
url = {http://namecoin.info/}
}

@ONLINE{Ethereum:Online,
author = "{Ethereum.org}",
title = {Ethereum},
month = April,
year = {2014},
url = {https://www.ethereum.org/}
}

@ONLINE{Keybase:Online,
author = "{Keybase.io}",
title = {Keybase},
month = April,
year = {2014},
url = {https://keybase.io/}
}

@ONLINE{WebRTC:Online,
author = "{Google Inc.}",
title = "{WebRTC}",
month = April,
year = {2014},
url = {http://www.webrtc.org/}
}

@ONLINE{WebCrypto:Online,
author = {Ryan Sleevi, Mark Watson},
title = "{W3C Web Cryptography draft}",
month = April,
year = {2014},
url = {http://www.w3.org/TR/WebCryptoAPI/}
}

@ONLINE{WebStorage:Online,
author = {Ian Hickson},
title = "{W3C Web Storage draft}",
month = April,
year = {2014},
url = {http://www.w3.org/TR/webstorage/}
}

@ONLINE{WebSQL:Online,
author = {Ian Hickson},
title = "{W3C Web SQL Database draft}",
month = April,
year = {2014},
url = {http://www.w3.org/TR/webdatabase/}
}

@ONLINE{IndexedDB:Online,
author = {Nikunj Mehta, Jonas Sicking, Eliot Graff, Andrei Popescu, Jeremy Orlow, Joshua Bell},
title = "{W3C Indexed Database draft}",
month = April,
year = {2014},
url = {http://www.w3.org/TR/IndexedDB/}
}

@ONLINE{FileSystem:Online,
author = {Eric Uhrhane},
title = "{W3C File API: Directories and System}",
month = April,
year = {2014},
url = {http://www.w3.org/TR/file-system-api/}
}

@ONLINE{MozillaFileSystem:Online,
author = {Jonas Sicking},
title = "{Why no FileSystem API in Firefox?}",
month = April,
year = {2014},
url = {https://hacks.mozilla.org/2012/07/why-no-filesystem-api-in-firefox/}
}

@ONLINE{IndexedDBSecurity:2012:Online,
author = {Stefan Kimak , Dr. Jeremy Ellman, Dr. Christopher Laing},
title = "{An Investigation into Possible Attacks on HTML5 IndexedDB and their Prevention}",
month = April,
year = {2014},
url = {http://www.cms.livjm.ac.uk/pgnet2012/Proceedings/Papers/1569607913.pdf}
}

@ONLINE{WebRTCBasics:2012:Online,
author = {Sam Dutton},
title = "{Getting Started with WebRTC}",
month = July,
year = {2012},
url = {http://www.html5rocks.com/en/tutorials/webrtc/basics/}
}

@Online{WebRTCWorkingGroupCharter:2013:Online,
author = {François Daoust, Dominique Hazaël-Massieux, Harald Alvestrand},
title = "{Web Real-Time Communications Working Group Charter}",
month = March,
year = {2013},
url = {http://www.w3.org/2011/04/webrtc-charter.html}
}

@ONLINE{WebRTCArchitecture:2014:Online,
author = {Laurent Jouanneau, Jérémie Patonnier, Chris Mills},
title = "{Introduction to WebRTC architecture}",
month = March,
year = {2014},
url = {https://developer.mozilla.org/en-US/docs/Web/Guide/API/WebRTC/WebRTC_architecture}
}

@ONLINE{WebRTCAndMicrosoft:2012:Online,
author = {Janko Roettgers},
title = "{Microsoft commits to WebRTC – just not Google’s version}",
month = August,
year = {2012},
url = {http://gigaom.com/2012/08/06/microsoft-webrtc-w3c/}
}

@ONLINE{PeerJsGithub:2014:Online,
author = {Peer.js},
title = "{Peer.js - Github project}",
month = May,
year = {2014},
url = {https://github.com/peers/peerjs}
}

@ONLINE{MobileApps:Online,
author = {Drew Crawford},
title = "{Why Mobile Web Apps Are Slow}",
month = July,
year = {2013},
url = {http://sealedabstract.com/rants/why-mobile-web-apps-are-slow/}
}

@ONLINE{OfflineWebApps:Online,
author = {Ian Hickson},
title = "{HTML5 – Offline Web Applications}",
month = May,
year = {2011},
url = {http://www.w3.org/TR/2011/WD-html5-20110525/offline.html}
}

@ONLINE{RFC1631:Online,
author = {Kjeld Egevang, Paul Francis},
title = "{The IP Network Address Translator (NAT)}",
month = May,
year = {1994},
url = {http://www.ietf.org/rfc/rfc1631.txt}
}

@ONLINE{NATIllustration:Online,
author = {Ilya Grigorik},
title = "{High-Performance Browser Networking - UDP and Network Address Translators}",
year = {2013},
url = {http://chimera.labs.oreilly.com/books/1230000000545/ch03.html}
}

@ONLINE{UDPHolePunching:Online,
author = {Bryan Ford, Pyda Srisuresh, Dan Kegel},
title = "{Peer-to-Peer Communication Across Network Address Translators}",
year = {2005},
month = Feb,
url = {http://www.brynosaurus.com/pub/net/p2pnat/}
}

@ONLINE{RFC5389:Online,
author = {Jonathan Rosenberg, Rohan Mahy, Philip Matthews, Dan Wing},
title = "{Session Traversal Utilities for NAT (STUN)}",
year = {2008},
month = Oct,
url = {http://tools.ietf.org/html/rfc5766}
}

@ONLINE{RFC5766:Online,
author = {Rohan Mahy, Philip Matthews, Jonathan Rosenberg},
title = "{Session Traversal Utilities for NAT (STUN)}",
year = {2010},
month = Apr,
url = {http://tools.ietf.org/html/rfc5766}
}

@ONLINE{RFC5245:Online,
author = {Jonathan Rosenberg},
title = "{Interactive Connectivity Establishment (ICE): A Protocol for Network Address Translator (NAT) Traversal for Offer/Answer Protocols}",
year = {2010},
month = Apr,
url = {http://tools.ietf.org/html/rfc5245}
}

@ONLINE{Matasano:Online,
author = {Matasano Security},
title = "{JavaScript Cryptography Considered Harmful}",
url = {http://www.matasano.com/articles/javascript-cryptography/},
year = {2010},
month = Apr,
}

@ONLINE{Bignumber:Online,
author = {Tom Wu},
title = "{bignumber-jt}",
year = {2010},
month = Apr,
url = {http://www-cs-students.stanford.edu/~tjw/jsbn/}
}

@ONLINE{ImplementedChromium:Online,
author = {eroman@chromium.org},
title = "{WebCrypto implementation in Chromium}",
year = {2010},
month = Apr,
url = {https://docs.google.com/a/chromium.org/spreadsheet/ccc?key=0Agiw0cuQZfVGdHNUNXBhZEFkazkyVy1uM1pISnlKRWc#gid=0}
}
@ONLINE{WebCryptoKeyDiscovery:Online,
author = {Mark Watson, Netflix},
title = "{WebCrypto Key Discovery}",
year = {2010},
month = Apr,
url = {http://www.w3.org/TR/webcrypto-key-discovery/}
}
@ONLINE{AESISFAST:Online,
author = {Bruce Schneier, John Kelsey, Doug Whiting,
David Wagner, Chris Hall, Niels Fergusonk,
Tadayoshi Kohno, Mike Stay},
title = "{The Twofish Team’s Final Comments on AES
Selection}",
year = {2010},
month = Apr,
url = {https://www.schneier.com/paper-twofish-final.pdf}
}
@ONLINE{OFCOMa:Online,
author = {OFCOM},
title = "{Press Release\: Digital TV reaches 63\% penetration}",
year = {2005a},
month = Apr,
url = {http://www.ofcom.org.uk/media/news/2005/09/nr_20050915}
}
@ONLINE{OFCOMb:Online,
author = {OFCOM},
title = "{The Communications Market 2005 2 Radio}",
year = {2005b},
month = Apr,
url = {www.ofcom.org.uk/research/cm/cm05/cmr05_print/radio.pdf}
}
@ONLINE{CloudTrend:Online,
authors = {Lizhe Wang, Gregor von Laszewski, Andrew Younge, Xi He, Marcel Kunze, Jie Tao, Cheng Fu},
title = "{Cloud Computing: a Perspective Study}",
year = {2010},
month = Apr,
url = {http://link.springer.com/article/10.1007/s00354-008-0081-5}
}
@ONLINE{InternetDecenterlized:Online,
authors = {Jon Crowcroft, Tim Moreton, Ian Pratt, Andrew Twigg},
title = "{Peer-to-Peer Systems and the Grid}",
year = {2010},
month = Apr,
url = {http://www.cl.cam.ac.uk/teaching/2003/AdvSysTop/grid-p2p-paper.pdf}
}
@ONLINE{PCKS8:Online,
authors = {B. Kaliski},
title = "{Public-Key Cryptography Standards (PKCS) \#8}",
year = {2008},
month = May,
url = {http://www.ietf.org/rfc/rfc5208.txt}
}
@ONLINE{SPKI:Online,
authors = {C. Ellison},
title = "{SPKI Requirements}",
year = {1999},
month = September,
url = {http://www.ietf.org/rfc/rfc5208.txt}
}
%TODO:
%http://www.theverge.com/2014/3/19/5527694/ex-microsoft-employee-arrested-for-leaking-windows-8
%http://blogs.technet.com/b/microsoft_on_the_issues/archive/2014/03/28/we-re-listening-additional-steps-to-protect-your-privacy.aspx
@ONLINE{Microsoft:Online,
authors = {Brad Smith},
title = "{Additional steps to protect your privacy}",
year = {1999},
month = September,
url = {http://blogs.technet.com/b/microsoft_on_the_issues/archive/2014/03/28/we-re-listening-additional-steps-to-protect-your-privacy.aspx}
}

%cumunicatuion -> cu rtcweb

@ONLINE{MicrosoftDraft:Online,
authors = {Martin Thomson, Microsoft},
title = "{Customizable, Ubiquitous Real-Time Communication over the Web}",
year = {2013},
month = Apr,
url = {http://lists.w3.org/Archives/Public/public-webrtc/2012Oct/att-0076/realtime-media.html}
}
%referencer i texten till alla figurer
%+TODO i texten.
